@article{Classification,
    author =       "J.Breuker and R.Dieng-Kuntz and N.Guarino and J.N.Kok and J.Liu and R.Lopez deMantaras and R.Mizoguchi and M.Musen and N.Zhong",
    title =        "Uperbised Machine Learning: A Review of Classification Techniques",
    journal =      "Frontiers in Artificial Intelligence and Applications",
    volume =       "160",
    number =       "2",
    pages =        "1--2",
    year =         "2007"
}

@article{binary,
    author =       "Ligang Zhou and Kin Keung Lai",
    title =        "Benchmarking binary classification models on data sets with different degrees of imbalance",
    journal =      "Front. Comput. Sci. China",
    volume =       "3",
    number =       "2",
    pages =        "205--216",
    year =         "2009",
    DOI =          "http://dx.doi.org/10.1007/s11704-009-0027-1"
}

@article{ensemble,
    author =       "Ynag Liu and Aijun An and Xiangji Huang",
    title =        "Boosting Prediction Accuracy on Imbalanced Datasets with SVM Ensembles",
    journal =      "Front. Comput. Sci. China",
    volume =       "3918",
    number =       "2",
    pages =        "107--108",
    year =         "2006",
}

@article{comparsion,
    author =       "Elizabeth A.Freeman and Gretchen G.Moisen",
    title =        "A comparison of the performance of threshold criteria for binary classification in terms of predicted prevalence and kappa",
    journal =      "Ecological Modelling",
    volume =       "217",
    number =       "3",
    pages =        "45--48",
    year =         "2008",
	DOI =          "https://doi.org/10.1016/j.ecolmodel.2008.05.015"
}

@article{onvsall,
    author =       "Ryan Rifkin and Aldebaro Klautau",
    title =        "In Defense of One-Vs-All Classification",
    journal =      "Machine Learning Research",
    volume =       "5",
    number =       "3",
    pages =        "101--103",
    year =         "2006",
}



@article{pattern,
    author =       "V. García and J.S. Sánchez and R.A. Mollineda and R. Alejo and J.M. Sotoca",
    title =        "The class imbalance problem in pattern classification and learning",
    journal =      "Pattern Analysis and Learning",
    volume =       "66",
    pages =        "56--60",
    year =         "2004",
}

@article{CBSVM,
    author =       "Hung-Yi Lo and Chun-Min Chang and Tsung-Hsien Chiang and Cho-Yi Hsiao and Anta Huang and Tsung-Ting Kuo and Wei-Chi Lai and Ming-Han Yang and Jung-Jung Yeh and Chun-Chao Yen and Shou-De Lin",
    title =        "Learning to Improve Area-Under-FROC for Imbalanced Medical Data Classification Using an Ensemble Method",
    journal =      "SIGKDD Explorations",
    volume =       "10",
    number =       "2",
    pages =        "43--46",
    year =         "2008"
}


@article{fuzzy,
    author =       "Der-Chiang Li and Chiao-Wen Liu and Susan C.Hu",
    title =        "A fuzzy-based data transformation for feature extraction to increase classification performance with small medical data sets",
    journal =      "Artificial Intelligence in Machine",
    volume =       "52",
    number =       "1",
    pages =        "45--52",
    year =         "2011",
	DOI =          "https://doi.org/10.1016/j.artmed.2011.02.001"
}


@misc{Adult,
    author    = "Ronny Kohavi and Barry Becker",
    title     = "Adult Data Set",
    url       = "https://archive.ics.uci.edu/ml/datasets/Adult",
    year      = "1996",
    publisher = "UC Irvine Machine Learning Repository"
}



@article{ADASYN,
    author =       "Haibo He and Yang Bai and Edwardo A. Garcia and Shutao Li",
    title =        "ADASYN: Adaptive Synthetic Sampling Approach for Imbalanced Learning",
    journal =      "Annalen der Physik",
    publisher =    "IEEE Xplore",
    pages =        "891--921",
    year =         "2008"
}



@article{Inouye,
    author =       "Shon Inouye",
    title =        "CENSUS INCOME CLASSIFICATION IN R",
    journal =      "Inertia 7",
    year =         "2018",
    url =          "https://www.inertia7.com/projects/146"
}